%YAML 1.1
%TAG !u! tag:unity3d.com,2011:
--- !u!1 &7309116758585129421
GameObject:
  m_ObjectHideFlags: 0
  m_CorrespondingSourceObject: {fileID: 0}
  m_PrefabInstance: {fileID: 0}
  m_PrefabAsset: {fileID: 0}
  serializedVersion: 6
  m_Component:
  - component: {fileID: 7309116758585129417}
  - component: {fileID: 7309116758585129422}
  - component: {fileID: 7309116758585129423}
  - component: {fileID: 7309116758585129420}
  - component: {fileID: 7309116758585129418}
  - component: {fileID: 7309116758585129419}
  - component: {fileID: 7309116758585129416}
  - component: {fileID: 6555936161054274054}
  - component: {fileID: 8161549560375692180}
  m_Layer: 0
  m_Name: PalmS
  m_TagString: Untagged
  m_Icon: {fileID: 0}
  m_NavMeshLayer: 0
  m_StaticEditorFlags: 0
  m_IsActive: 1
--- !u!4 &7309116758585129417
Transform:
  m_ObjectHideFlags: 0
  m_CorrespondingSourceObject: {fileID: 0}
  m_PrefabInstance: {fileID: 0}
  m_PrefabAsset: {fileID: 0}
  m_GameObject: {fileID: 7309116758585129421}
  m_LocalRotation: {x: 0, y: 0, z: 0, w: 1}
  m_LocalPosition: {x: 0, y: 0, z: 0}
  m_LocalScale: {x: 0.1, y: 0.1, z: 0.1}
  m_Children: []
  m_Father: {fileID: 0}
  m_RootOrder: 0
  m_LocalEulerAnglesHint: {x: 0, y: 0, z: 0}
--- !u!33 &7309116758585129422
MeshFilter:
  m_ObjectHideFlags: 0
  m_CorrespondingSourceObject: {fileID: 0}
  m_PrefabInstance: {fileID: 0}
  m_PrefabAsset: {fileID: 0}
  m_GameObject: {fileID: 7309116758585129421}
  m_Mesh: {fileID: 10207, guid: 0000000000000000e000000000000000, type: 0}
--- !u!23 &7309116758585129423
MeshRenderer:
  m_ObjectHideFlags: 0
  m_CorrespondingSourceObject: {fileID: 0}
  m_PrefabInstance: {fileID: 0}
  m_PrefabAsset: {fileID: 0}
  m_GameObject: {fileID: 7309116758585129421}
  m_Enabled: 1
  m_CastShadows: 1
  m_ReceiveShadows: 1
  m_DynamicOccludee: 1
  m_MotionVectors: 1
  m_LightProbeUsage: 1
  m_ReflectionProbeUsage: 1
  m_RayTracingMode: 2
  m_RayTraceProcedural: 0
  m_RenderingLayerMask: 1
  m_RendererPriority: 0
  m_Materials:
  - {fileID: 2100006, guid: bae110eee250e4b418b188f4ae4e3170, type: 3}
  m_StaticBatchInfo:
    firstSubMesh: 0
    subMeshCount: 0
  m_StaticBatchRoot: {fileID: 0}
  m_ProbeAnchor: {fileID: 0}
  m_LightProbeVolumeOverride: {fileID: 0}
  m_ScaleInLightmap: 1
  m_ReceiveGI: 1
  m_PreserveUVs: 0
  m_IgnoreNormalsForChartDetection: 0
  m_ImportantGI: 0
  m_StitchLightmapSeams: 1
  m_SelectedEditorRenderState: 3
  m_MinimumChartSize: 4
  m_AutoUVMaxDistance: 0.5
  m_AutoUVMaxAngle: 89
  m_LightmapParameters: {fileID: 0}
  m_SortingLayerID: 0
  m_SortingLayer: 0
  m_SortingOrder: 0
  m_AdditionalVertexStreams: {fileID: 0}
--- !u!135 &7309116758585129420
SphereCollider:
  m_ObjectHideFlags: 0
  m_CorrespondingSourceObject: {fileID: 0}
  m_PrefabInstance: {fileID: 0}
  m_PrefabAsset: {fileID: 0}
  m_GameObject: {fileID: 7309116758585129421}
  m_Material: {fileID: 0}
  m_IsTrigger: 0
  m_Enabled: 1
  serializedVersion: 2
  m_Radius: 0.5
  m_Center: {x: 0, y: 0, z: 0}
--- !u!54 &7309116758585129418
Rigidbody:
  m_ObjectHideFlags: 0
  m_CorrespondingSourceObject: {fileID: 0}
  m_PrefabInstance: {fileID: 0}
  m_PrefabAsset: {fileID: 0}
  m_GameObject: {fileID: 7309116758585129421}
  serializedVersion: 2
  m_Mass: 1
  m_Drag: 0
  m_AngularDrag: 0.05
  m_UseGravity: 1
  m_IsKinematic: 0
  m_Interpolate: 0
  m_Constraints: 0
  m_CollisionDetection: 2
--- !u!114 &7309116758585129419
MonoBehaviour:
  m_ObjectHideFlags: 0
  m_CorrespondingSourceObject: {fileID: 0}
  m_PrefabInstance: {fileID: 0}
  m_PrefabAsset: {fileID: 0}
  m_GameObject: {fileID: 7309116758585129421}
  m_Enabled: 1
  m_EditorHideFlags: 0
  m_Script: {fileID: 11500000, guid: 43f86b14a27b52f4f9298c33015b5c26, type: 3}
  m_Name: 
  m_EditorClassIdentifier: 
  _transferOnSecondSelection: 0
  _addNewPointsToFront: 0
  _forwardElement: {fileID: 0}
  _oneGrabTransformer: {fileID: 0}
  _twoGrabTransformer: {fileID: 0}
  _maxGrabPoints: -1
--- !u!114 &7309116758585129416
MonoBehaviour:
  m_ObjectHideFlags: 0
  m_CorrespondingSourceObject: {fileID: 0}
  m_PrefabInstance: {fileID: 0}
  m_PrefabAsset: {fileID: 0}
  m_GameObject: {fileID: 7309116758585129421}
  m_Enabled: 1
  m_EditorHideFlags: 0
  m_Script: {fileID: 11500000, guid: e9a7676b01585ce43908639a27765dfc, type: 3}
  m_Name: 
  m_EditorClassIdentifier: 
  _interactorFilters: []
  _maxInteractors: -1
  _maxSelectingInteractors: -1
  _pointableElement: {fileID: 7309116758585129419}
  _rigidbody: {fileID: 7309116758585129418}
  _resetGrabOnGrabsUpdated: 1
  _physicsGrabbable: {fileID: 0}
  _scoringModifier:
    _maxDistance: 0.1
    _positionRotationWeight: 0.8
  _supportedGrabTypes: 2
  _pinchGrabRules:
    _thumbRequirement: 2
    _indexRequirement: 1
    _middleRequirement: 1
    _ringRequirement: 0
    _pinkyRequirement: 0
    _unselectMode: 0
  _palmGrabRules:
    _thumbRequirement: 1
    _indexRequirement: 2
    _middleRequirement: 2
    _ringRequirement: 2
    _pinkyRequirement: 1
    _unselectMode: 0
  _movementProvider: {fileID: 0}
  _handAligment: 1
  _handGrabPoses: []
--- !u!114 &6555936161054274054
MonoBehaviour:
  m_ObjectHideFlags: 0
  m_CorrespondingSourceObject: {fileID: 0}
  m_PrefabInstance: {fileID: 0}
  m_PrefabAsset: {fileID: 0}
  m_GameObject: {fileID: 7309116758585129421}
  m_Enabled: 1
  m_EditorHideFlags: 0
  m_Script: {fileID: 11500000, guid: 1464721f2283eb14e94a33e812b47be4, type: 3}
  m_Name: 
  m_EditorClassIdentifier: 
  _interactableView: {fileID: 7309116758585129416}
  _whenHover:
    m_PersistentCalls:
      m_Calls: []
  _whenUnhover:
    m_PersistentCalls:
      m_Calls: []
  _whenSelect:
    m_PersistentCalls:
      m_Calls:
      - m_Target: {fileID: 8161549560375692180}
        m_TargetAssemblyTypeName: DeletePhysics, Assembly-CSharp
        m_MethodName: OnSelect
        m_Mode: 1
        m_Arguments:
          m_ObjectArgument: {fileID: 0}
          m_ObjectArgumentAssemblyTypeName: UnityEngine.Object, UnityEngine
          m_IntArgument: 0
          m_FloatArgument: 0
          m_StringArgument: 
          m_BoolArgument: 0
        m_CallState: 2
  _whenUnselect:
    m_PersistentCalls:
      m_Calls:
      - m_Target: {fileID: 8161549560375692180}
        m_TargetAssemblyTypeName: DeletePhysics, Assembly-CSharp
        m_MethodName: OnUnselect
        m_Mode: 1
        m_Arguments:
          m_ObjectArgument: {fileID: 0}
          m_ObjectArgumentAssemblyTypeName: UnityEngine.Object, UnityEngine
          m_IntArgument: 0
          m_FloatArgument: 0
          m_StringArgument: 
          m_BoolArgument: 0
        m_CallState: 2
  _whenInteractorViewAdded:
    m_PersistentCalls:
      m_Calls: []
  _whenInteractorViewRemoved:
    m_PersistentCalls:
      m_Calls: []
  _whenSelectingInteractorViewAdded:
    m_PersistentCalls:
      m_Calls: []
  _whenSelectingInteractorViewRemoved:
    m_PersistentCalls:
      m_Calls: []
--- !u!114 &8161549560375692180
MonoBehaviour:
  m_ObjectHideFlags: 0
  m_CorrespondingSourceObject: {fileID: 0}
  m_PrefabInstance: {fileID: 0}
  m_PrefabAsset: {fileID: 0}
  m_GameObject: {fileID: 7309116758585129421}
  m_Enabled: 1
  m_EditorHideFlags: 0
  m_Script: {fileID: 11500000, guid: 4efaea914f3e74b4d83307f4b4d9fa43, type: 3}
  m_Name: 
  m_EditorClassIdentifier: 
